@article{geraldi,
    author = "Geraldo Regis Mauri",
    title = "Improved mathematical model and bounds for the crop rotation scheduling problem with adjacency constraints",
    journal = "European Journal of Operational Research",
    number = "278",
    pages = "120--135",
    year = "2019",
    DOI = "https://doi.org/10.1016/j.ejor.2019.04.016",
    keywords = "agriculture"
}
